<?xml version="1.0" encoding="UTF-8"?><collection xmlns="http://www.loc.gov/MARC21/slim"><record><leader>00397nam--2200157-i-4500</leader><controlfield tag="001">000042001</controlfield><controlfield tag="002">20161230</controlfield><controlfield tag="005">20170121233956</controlfield><controlfield tag="008">060222s1000------------r-----000-0-eng-d</controlfield><datafield ind1=" " ind2=" " tag="080"><subfield code="a">64</subfield></datafield><datafield ind1=" " ind2=" " tag="100"><subfield code="a">Smith, T. B</subfield></datafield><datafield ind1=" " ind2=" " tag="245"><subfield code="a">Analytical processes. A physico-chemical interpretation</subfield></datafield><datafield ind1=" " ind2=" " tag="260"><subfield code="a">Peking</subfield><subfield code="b">Fotoprint</subfield><subfield code="c">1946</subfield></datafield><datafield ind1=" " ind2=" " tag="300"><subfield code="a">VIII + 470 p</subfield></datafield><datafield ind1=" " ind2=" " tag="852"><subfield code="a">12939</subfield></datafield><datafield ind1=" " ind2=" " tag="CAT"><subfield code="a">SYS</subfield><subfield code="c">20170121</subfield><subfield code="h">233956</subfield></datafield></record></collection>